@Book{BK08,
author={C. Baier and J.-P. Katoen},
title={Principles of Model Checking},
publisher={MIT Press},
year={2008},

volume={},
series={},
address={},
edition={},
month={},
note={},
key={}
}

@inproceedings{Fauzi:2010, 
author={S. S. M. Fauzi and P. L. Bannerman and M. Staples}, 
booktitle={2010 Asia Pacific Software Engineering Conference}, 
title={Software Configuration Management in Global Software Development: A Systematic Map}, 
year={2010}, 
volume={}, 
number={}, 
pages={404-413}, 
keywords={software development management;software configuration management;global software development;change management;systematic mapping;group awareness;software configuration control;Software;Software engineering;Programming;Systematics;Delay;Context;Special issues and sections;Global Software Development;Software Configuration Management;Configuration Management;Distributed Software Development;Systematic Map}, 
doi={10.1109/APSEC.2010.53}, 
ISSN={1530-1362}, 
month={Nov},}

@inproceedings{Begel:2008, 
author={A. Begel and N. Nagappan}, 
booktitle={2008 IEEE International Conference on Global Software Engineering}, 
title={Global Software Development: Who Does It?}, 
year={2008}, 
volume={}, 
number={}, 
pages={195-199}, 
keywords={globalisation;project management;software development management;team working;global software development;software company;project management;Software;Companies;Programming;USA Councils;Business;Electronic mail;Asia}, 
doi={10.1109/ICGSE.2008.17}, 
ISSN={2329-6305}, 
month={Aug},}

@inproceedings{Zimmermann:2009, 
author={T. Zimmermann and R. Premraj and J. Sillito and S. Breu}, 
booktitle={2009 31st International Conference on Software Engineering - Companion Volume}, 
title={Improving bug tracking systems}, 
year={2009}, 
volume={}, 
number={}, 
pages={247-250}, 
keywords={interactive systems;invasive software;iterative methods;bug tracking system;iteration;interactive system;Computer bugs;Prototypes;Computer science;Laboratories;Testing;Delay effects;Relational databases;Usability;Decision trees;Data mining}, 
doi={10.1109/ICSE-COMPANION.2009.5070993}, 
ISSN={}, 
month={May},}

@inproceedings{Baysal:2013,
 author = {Baysal, Olga and Holmes, Reid and Godfrey, Michael W.},
 title = {Situational Awareness: Personalizing Issue Tracking Systems},
 booktitle = {Proceedings of the 2013 International Conference on Software Engineering},
 series = {ICSE '13},
 year = {2013},
 isbn = {978-1-4673-3076-3},
 location = {San Francisco, CA, USA},
 pages = {1185--1188},
 numpages = {4},
 url = {http://dl.acm.org/citation.cfm?id=2486788.2486957},
 acmid = {2486957},
 publisher = {IEEE Press},
 address = {Piscataway, NJ, USA},
}


@inproceedings{Bertram:2010,
 author = {Bertram, Dane and Voida, Amy and Greenberg, Saul and Walker, Robert},
 title = {Communication, Collaboration, and Bugs: The Social Nature of Issue Tracking in Small, Collocated Teams},
 booktitle = {Proceedings of the 2010 ACM Conference on Computer Supported Cooperative Work},
 series = {CSCW '10},
 year = {2010},
 isbn = {978-1-60558-795-0},
 location = {Savannah, Georgia, USA},
 pages = {291--300},
 numpages = {10},
 url = {http://doi.acm.org/10.1145/1718918.1718972},
 doi = {10.1145/1718918.1718972},
 acmid = {1718972},
 publisher = {ACM},
 address = {New York, NY, USA},
 keywords = {issue tracking, shared knowledge, software engineering},
}


@ONLINE {BehindGit,
    author={Keith Gregory},
    title={Git Behind the Curtain: What Happens When You Commit, Branch, and Merge},
    month={Nov},
    year={2016},
    url={https://dzone.com/articles/git-behind-the-curtain-what-happens-when-you-commi},
    howpublished={https://dzone.com/articles/git-behind-the-curtain-what-happens-when-you-commi}
}

@inproceedings{Fan:2017,
 author = {Fan, Qiang and Yu, Yue and Yin, Gang and Wang, Tao and Wang, Huaimin},
 title = {Where is the Road for Issue Reports Classification Based on Text Mining?},
 booktitle = {Proceedings of the 11th ACM/IEEE International Symposium on Empirical Software Engineering and Measurement},
 series = {ESEM '17},
 year = {2017},
 isbn = {978-1-5090-4039-1},
 location = {Markham, Ontario, Canada},
 pages = {121--130},
 numpages = {10},
 url = {https://doi.org/10.1109/ESEM.2017.19},
 doi = {10.1109/ESEM.2017.19},
 acmid = {3200511},
 publisher = {IEEE Press},
 address = {Piscataway, NJ, USA},
 keywords = {issue tracking system, machine learning technique, mining software repositories},
} 

@misc{InfQ:2017,
 title={The Divisive Effect of Separate Issue Tracking Tools},
 url={https://www.infoq.com/articles/issue-tracking-tools},
 journal={InfoQ},
 publisher={InfoQ},
 author={Pais, Manuel and Skelton, Matthew},
 year={2017},
 month={Mar}
}

@inproceedings{Delugach:2007,
 author = {Delugach, Harry S.},
 title = {An Evaluation of the Pragmatics of Web-based Bug Tracking Tools},
 booktitle = {Proceedings of the 2nd International Conference on Pragmatic Web},
 series = {ICPW '07},
 year = {2007},
 isbn = {978-1-59593-859-6},
 location = {Tilburg, The Netherlands},
 pages = {49--55},
 numpages = {7},
 url = {http://doi.acm.org/10.1145/1324237.1324243},
 doi = {10.1145/1324237.1324243},
 acmid = {1324243},
 publisher = {ACM},
 address = {New York, NY, USA},
 keywords = {conceptual graphs, process models, software issue tracking},
}
